@Article{einstein2016,
  author = 	 {Einstein, Albert},
  title = 	 {On the Relative Value of Relatives},
  journal = 	 {J. Irreproducible Results},
  year = 	 {2016},
  volume = 	 {17},
  pages = 	 {4711--4721}
}

@InProceedings{heisenberg2015,
  author = 	 {Heisenberg, Werner and Dirac, Paul},
  title = 	 {To be or not to be},
  booktitle =    {Proceedings of the Uncertain Society Annual Meeting},
  year = 	 {2015},
  editor = 	 {Schr√∂dinger, Erwin},
  pages =	 {21--22}
}

%references for thesis start here
@book{o1995market,
  title={Market microstructure theory},
  author={O'hara, Maureen},
  volume={108},
  year={1995},
  publisher={Blackwell Publishers Cambridge, MA}
}

@book{hasbrouck2007empirical,
  title={Empirical market microstructure: The institutions, economics, and econometrics of securities trading},
  author={Hasbrouck, Joel},
  year={2007},
  publisher={Oxford University Press}
}

@book{cartea2015algorithmic,
  title={Algorithmic and high-frequency trading},
  author={Cartea, {\'A}lvaro and Jaimungal, Sebastian and Penalva, Jos{\'e}},
  year={2015},
  publisher={Cambridge University Press}
}
